@misc{Betaplus,
  author = {Wikipedia.org},
  title = {Beta decay},
  howpublished = "\url{https://en.wikipedia.org/wiki/Beta_decay}",
  note = "[Online; visited on 4-11-2022]"
}